<?xml version="1.0" encoding="UTF-8"?><collection xmlns="http://www.loc.gov/MARC21/slim"><record><leader>00413nam--2200145-i-4500</leader><controlfield tag="001">000009157</controlfield><controlfield tag="002">20161230</controlfield><controlfield tag="005">20170209231324</controlfield><controlfield tag="008">060222s1000------------r-----000-0-eng-d</controlfield><datafield ind1=" " ind2=" " tag="100"><subfield code="a">Diu, B</subfield></datafield><datafield ind1=" " ind2=" " tag="245"><subfield code="a">Reggeization of two-body interactions</subfield></datafield><datafield ind1=" " ind2=" " tag="260"><subfield code="a">Herceg-Novi</subfield><subfield code="b">Ecole Interantionale De La Physique Des Particules Elementaires</subfield><subfield code="c">1969</subfield></datafield><datafield ind1=" " ind2=" " tag="300"><subfield code="a">76 p</subfield></datafield><datafield ind1=" " ind2=" " tag="852"><subfield code="a">539.12:530.1</subfield></datafield><datafield ind1=" " ind2=" " tag="CAT"><subfield code="a">SYS</subfield><subfield code="c">20170209</subfield><subfield code="h">231324</subfield></datafield></record></collection>